@book{Hayes2018,
author = {Hayes, A.F.},
isbn = {9781462534654},
publisher = {NY: Guilford Press},
title = {{Introduction to mediation, moderation, and conditional process analysis}},
year = {2018}}
@article{Rosseel2012,

author = {Rosseel, Yves},


keywords = {factor analysis,latent variables,path analysis,structural equation modeling},

number = {2},

title = {{lavaan : An R Package for Structural Equation}},

volume = {48},

year = {2012}
}